<record><leader>00000cas a22000007a 4500</leader><controlfield tag="001">12389743</controlfield><controlfield tag="008">850815d187u1871wiuwr ne      0    0eng d</controlfield><datafield ind1=" " ind2=" " tag="010"><subfield code="a">sn 85041108 </subfield></datafield><datafield ind1=" " ind2=" " tag="040"><subfield code="a">NPV</subfield><subfield code="b">eng</subfield><subfield code="c">NPV</subfield><subfield code="d">NVF</subfield><subfield code="d">HLS</subfield><subfield code="d">OCLCQ</subfield></datafield><datafield ind1=" " ind2=" " tag="042"><subfield code="a">msc</subfield></datafield><datafield ind1=" " ind2=" " tag="045"><subfield code="a">w7w7</subfield></datafield><datafield ind1=" " ind2=" " tag="052"><subfield code="a">4123</subfield><subfield code="b">R6</subfield></datafield><datafield ind1="0" ind2=" " tag="130"><subfield code="a">Beloit journal (Beloit, Wis. : 1871)</subfield></datafield><datafield ind1="1" ind2="4" tag="245"><subfield code="a">The Beloit journal.</subfield></datafield><datafield ind1="1" ind2="3" tag="246"><subfield code="a">Free press &amp; journal</subfield></datafield><datafield ind1="3" ind2="0" tag="246"><subfield code="a">Free press and journal</subfield></datafield><datafield ind1=" " ind2=" " tag="260"><subfield code="a">Beloit, Wis. :</subfield><subfield code="b">Thompson &amp; Coe,</subfield><subfield code="c">-1871.</subfield></datafield><datafield ind1=" " ind2=" " tag="300"><subfield code="a">v.</subfield></datafield><datafield ind1=" " ind2=" " tag="310"><subfield code="a">Weekly</subfield></datafield><datafield ind1="0" ind2=" " tag="362"><subfield code="a">-v. 6, no. 8, new ser. (Mar. 30, 1871) = -old ser. v. 23, no. 42.</subfield></datafield><datafield ind1=" " ind2=" " tag="500"><subfield code="a">Editor: Thompson &amp; Coe.</subfield></datafield><datafield ind1=" " ind2=" " tag="588"><subfield code="a">Description based on: Vol. 5, no. 49, new ser. (Jan. 12, 1871) = v. 23, no. 31, old ser.</subfield></datafield><datafield ind1=" " ind2=" " tag="752"><subfield code="a">United States</subfield><subfield code="b">Wisconsin</subfield><subfield code="c">Rock</subfield><subfield code="d">Beloit.</subfield></datafield><datafield ind1="0" ind2="0" tag="785"><subfield code="t">Beloit free press</subfield><subfield code="w">(DLC)sn 85041103</subfield><subfield code="w">(OCoLC)12388465</subfield></datafield></record>